@article{greenwade93,
    author  = "George D. Greenwade",
    title   = "The {C}omprehensive {T}ex {A}rchive {N}etwork ({CTAN})",
    year    = "1993",
    journal = "TUGBoat",
    volume  = "14",
    number  = "3",
    pages   = "342--351"
}

@misc{AgenciaGobiernoElectronico2024,
  author       = {{Agencia de Gobierno Electrónico y Sociedad de la Información y el Conocimiento}},
  title        = {Glosario general de Datos Abiertos},
  year         = {2024},
  url          = {https://www.gub.uy/agencia-gobierno-electronico-sociedad-informacion-conocimiento/comunicacion/publicaciones/glosario-general-datos-abiertos/glosario-general-datos-abiertos-1}
}

@article{Antonio2020,
  author       = {Antonio, M. and Schick-Makaroff, K. and Doiron, J. and Sheilds, L. and White, L. and Molzahn, A.},
  title        = {Qualitative Data Management and Analysis within a Data Repository},
  journal      = {Western Journal of Nursing Research},
  year         = {2020},
  volume       = {42},
  number       = {8},
  pages        = {640--648},
  doi          = {10.1177/0193945919881706}
}

@article{Assante2016,
  author       = {Assante, M. and Candela, L. and Castelli, D. and Tani, A.},
  title        = {Are scientific data repositories coping with research data publishing?},
  journal      = {Data Science Journal},
  year         = {2016},
  volume       = {15},
  doi          = {10.5334/dsj-2016-006}
}

@techreport{BabiniRovelli2020,
  author       = {Babini, D. and Rovelli, L.},
  title        = {Tendencias recientes en las políticas científicas de ciencia abierta y acceso abierto en Iberoamérica},
  institution  = {Consejo Latinoamericano de Ciencias Sociales},
  year         = {2020}
}

@misc{Barbosa2023,
  author       = {Barbosa, S. and Curtin, L. and Cousijn, H.},
  title        = {Generalist Repository Ecosystem Initiative Introductory Brochure},
  howpublished = {Zenodo},
  year         = {2023},
  doi          = {10.5281/zenodo.8350509}
}

@article{Barker2022,
  author       = {Barker, M. and Chue Hong, N. P. and Katz, D. S. and Lamprecht, A.-L. and Martinez-Ortiz, C. and Psomopoulos, F. and Harrow, J. and Castro, L. J. and Gruenpeter, M. and Martinez, P. A. and Honeyman, T.},
  title        = {Introducing the FAIR Principles for research software},
  journal      = {Scientific Data},
  year         = {2022},
  doi          = {10.1038/s41597-022-01710-x}
}

@article{Barczak2022,
  author       = {Barczak, G. and Hopp, C. and Kaminski, J. and Piller, F. and Pruschak, G.},
  title        = {How open is innovation research? – An empirical analysis of data sharing among innovation scholars},
  journal      = {Industry and Innovation},
  year         = {2022},
  volume       = {29},
  number       = {2},
  pages        = {186--218},
  doi          = {10.1080/13662716.2021.1967727}
}

@misc{Behnke2020,
  author       = {Behnke, C. and Bonino, L. and Coen, G. and Le Franc, Y. and Parland-von Essen, J. and Riungu-Kalliosaari, L. and Staiger, C.},
  title        = {D2.3 Set of FAIR data repositories features (1.0)},
  howpublished = {FAIRsFAIR},
  year         = {2020},
  doi          = {10.5281/zenodo.5361952}
}

@misc{Bezjak2019,
  author       = {Bezjak, S. and Conzett, P. and Fernandes, P. L. and Görögh, E. and Helbig, K. and Kramer, B. and Labastida, I. and Niemeyer, K. and Psomopoulos, F. and Ross-Hellauer, T. and Schneider, R. and Tennant, J. and Verbakel, E. and Clyburne-Sherin, A. and Brinken, H. and Heller, L.},
  title        = {Manual de Capacitación sobre Ciencia Abierta},
  howpublished = {Zenodo},
  year         = {2019},
  doi          = {10.5281/zenodo.2588214}
}

@misc{Bilder2020,
  author       = {Bilder, G. and Lin, J. and Neylon, C.},
  title        = {The Principles of Open Scholarly Infrastructure},
  howpublished = {Online},
  year         = {2020},
  doi          = {10.24343/C34W2H},
  url          = {https://doi.org/10.24343/C34W2H},
  urldate      = {2024-08-15}
}

@article{Buddenbohm2021,
  author       = {Buddenbohm, S. and de Jong, M. and Minel, J. L. and Moranville, Y.},
  title        = {Find research data repositories for the humanities - the data deposit recommendation service},
  journal      = {International Journal of Digital Humanities},
  year         = {2021},
  volume       = {1},
  number       = {3},
  pages        = {343--362},
  doi          = {10.1007/s42803-021-00030-7}
}

@inproceedings{Casali2022,
  author       = {Casali, A. and Motz, R. and Sprock, A. S.},
  title        = {Open Data Management of Research in Education: knowledge and practices in LATAM},
  booktitle    = {2022 XVII Latin American Conference on Learning Technologies (LACLO)},
  year         = {2022},
  pages        = {1--7},
  doi          = {10.1109/LACLO56648.2022.10013458}
}

@misc{CEPAL2016,
  author       = {Comisión Económica para América Latina y el Caribe},
  title        = {Gestión de datos de investigación},
  year         = {2016},
  url          = {https://biblioguias.cepal.org/gestion-de-datos-de-investigacion}
}

@misc{FAIRassist,
  author       = {{FAIRassist}},
  title        = {FAIRsharing.org},
  year         = {n.d.},
  url          = {https://assist.fairsharing.org/},
  urldate      = {2024-11-09}
}

@misc{FAIRsharing,
  author       = {FAIRsharing},
  title        = {Communities},
  year         = {n.d.},
  url          = {https://fairsharing.org/communities},
  urldate      = {2024-10-21}
}

@misc{FORRT,
  author       = {{Framework for Open and Reproducible Research Training}},
  title        = {Repository},
  year         = {n.d.},
  url          = {https://forrt.org/glossary/english/repository/},
  urldate      = {2024-10-17}
}

@article{Gomez2016,
  author       = {Gómez, N. and Méndez, E. and Hernández, T.},
  title        = {Datos y metadatos de investigación en Ciencias Sociales y Humanidades: una aproximación desde los repositorios temáticos de datos},
  journal      = {El profesional de la información},
  year         = {2016},
  volume       = {25},
  number       = {4},
  pages        = {545--555},
  doi          = {10.3145/epi.2016.jul.04}
}

@inproceedings{Guarino1998,
  author       = {Guarino, N.},
  title        = {Formal Ontologies and Information Systems},
  booktitle    = {Proceedings of the International Conference on Formal Ontology in Information Systems},
  year         = {1998}
}

@misc{Gruenpeter2021,
  author       = {Gruenpeter, M. and Katz, D. S. and Lamprecht, A.-L. and Honeyman, T. and Garijo, D. and Struck, A. and Niehues, A. and Martinez, P. A. and Castro, L. J. and Rabemanantsoa, T. and Chue Hong, N. P. and Martinez-Ortiz, C. and Sesink, L. and Liffers, M. and Fouilloux, A. C. and Erdmann, C. and Peroni, S. and Martinez Lavanchy, P. and Todorov, I. and Sinha, M.},
  title        = {Defining Research Software: a controversial discussion},
  howpublished = {Zenodo},
  year         = {2021},
  doi          = {10.5281/zenodo.5504016}
}

@techreport{Heery2005,
  author       = {Heery, R. and Anderson, S.},
  title        = {Digital Repositories Review},
  institution  = {UKOLN and AHDS},
  year         = {2005},
  note         = {33 pp.}
}

@article{Hernandez2013,
  author       = {Hernández, T. and García, M.},
  title        = {Datos abiertos y repositorios de datos: nuevo reto para los bibliotecarios},
  journal      = {El profesional de la información},
  year         = {2013},
  volume       = {22},
  number       = {3},
  pages        = {259--263},
  doi          = {10.3145/epi.2013.may.10}
}

@article{Lin2020,
  author       = {Lin, D. and Crabtree, J. and Dillo, I. and Downs, R. R. and Edmunds, R. and Giaretta, D. and De Giusti, M. and L’Hours, H. and Hugo, W. and Jenkyns, R. and Khodiyar, V. and Martone, M. E. and Mokrane, M. and Navale, V. and Petters, J. and Sierman, B. and Sokolova, D. V. and Stockhause, M. and Westbrook, J.},
  title        = {The TRUST Principles for digital repositories},
  journal      = {Scientific Data},
  year         = {2020},
  volume       = {7},
  number       = {1},
  doi          = {10.1038/s41597-020-0486-7}
}

@misc{NIHNotOD21013,
  author       = {{National Institutes of Health}},
  title        = {NOT-OD-21-013: Final NIH Policy for Data Management and Sharing},
  year         = {n.d.},
  url          = {https://grants.nih.gov/grants/guide/notice-files/NOT-OD-21-013.html},
  urldate      = {2024-02-16}
}

@misc{OAD,
  author       = {{Open Access Directory}},
  title        = {Open access directory},
  year         = {n.d.},
  url          = {https://oad.simmons.edu/oadwiki/Main_Page},
  urldate      = {2024-10-21}
}

@misc{DataGov,
  author       = {{Open government}},
  title        = {Data.gov},
  year         = {n.d.},
  url          = {https://data.gov/open-gov/},
  urldate      = {2024-10-19}
}

@misc{UNESCO2021,
  author       = {{Organización de las Naciones Unidas para la Educación, la Ciencia y la Cultura}},
  title        = {Recomendaciones de la UNESCO sobre la Ciencia Abierta},
  year         = {2021}
}

@misc{re3dataSuggest,
  author       = {{re3data}},
  title        = {Suggest a repository},
  year         = {n.d.},
  url          = {https://www.re3data.org/suggest},
  urldate      = {2024-10-17}
}

@misc{re3dataAbout,
  author       = {{re3data}},
  title        = {About},
  year         = {n.d.},
  url          = {https://www.re3data.org/about},
  urldate      = {2024-10-19}
}

@misc{re3dataProject,
  author       = {{Re3data.org}},
  title        = {Project},
  year         = {n.d.},
  url          = {https://coref.project.re3data.org/project},
  urldate      = {2024-11-10}
}

@misc{re3dataMetrics,
  author       = {{Re3data.org}},
  title        = {Metrics},
  year         = {n.d.},
  url          = {https://www.re3data.org/metrics/dataAccessRestrictions},
  urldate      = {2024-11-10}
}

@misc{RAERepositorio,
  author       = {{Real Academia Española}},
  title        = {Repositorio},
  howpublished = {Diccionario de la lengua española, 23ª ed.},
  year         = {n.d.},
  url          = {https://dle.rae.es/repositorio?m=form},
  urldate      = {2024-02-12}
}

@misc{Schabinger2023,
  author       = {Schabinger, R. and Petras, V. and Strecker, D.},
  title        = {Does size matter? Quality assessment of the size property in research data repositories},
  howpublished = {Zenodo},
  year         = {2023},
  doi          = {10.5281/ZENODO.7643636}
}

@book{Staab2009,
  editor       = {Staab, S. and Studer, R.},
  title        = {Handbook on Ontologies: International Handbooks on Information Systems},
  publisher    = {Springer},
  year         = {2009},
  doi          = {10.1007/978-3-540-92673-3}
}

@misc{Stall2023,
  author       = {Stall, S. and Martone, M. E. and Chandramouliswaran, I. and Federer, L. and Gautier, J. and Gibson, J. and Hahnel, M. and Larkin, J. and Pfeiffer, N. and Sedora, B. and Sim, I. and Smith, T. and Van Gulick, A. E. and Walker, E. and Wood, J. and Zaringhalam, M. and Zigoni, A.},
  title        = {Generalist Repository Comparison Chart (3.0)},
  howpublished = {Zenodo},
  year         = {2023},
  doi          = {10.5281/zenodo.7946938}
}

@article{Wilkinson2016,
  author       = {Wilkinson, M. D. and Dumontier, M. and Aalbersberg, I. J. and Appleton, G. and Axton, M. and Baak, A. and Blomberg, N. and Boiten, J.-W. and da Silva Santos, L. B. and Bourne, P. E. and Bouwman, J. and Brookes, A. J. and Clark, T. and Crosas, M. and Dillo, I. and Dumon, O. and Edmunds, S. and Evelo, C. T. and Finkers, R. and others},
  title        = {The FAIR Guiding Principles for scientific data management and stewardship},
  journal      = {Scientific Data},
  year         = {2016},
  volume       = {3},
  number       = {1},
  doi          = {10.1038/sdata.2016.18}
}

@misc{Witt2024,
  author       = {Witt, M. and Cannon, M. and Lister, A. and Segundo, W. and Shearer, K. and Yamaji, K. and Research Data Alliance Data Repository Attributes Working Group},
  title        = {RDA common descriptive attributes of research data repositories},
  howpublished = {Research Data Alliance},
  year         = {2024},
  doi          = {10.15497/RDA00103}
}

@misc{W3COWL,
  author       = {{W3C OWL Working Group}},
  title        = {OWL 2 web ontology language document overview (second edition)},
  year         = {n.d.},
  url          = {https://www.w3.org/TR/owl2-overview/},
  urldate      = {2024-11-14}
}

@misc{W3CProv,
  author       = {{W3C}},
  title        = {The PROV ontology},
  year         = {n.d.},
  url          = {https://www.w3.org/TR/prov-o/},
  urldate      = {2024-11-19}
}

@misc{W3CRDF,
  author       = {{W3C}},
  title        = {The RDF data cube vocabulary},
  year         = {n.d.},
  url          = {https://www.w3.org/TR/vocab-data-cube/},
  urldate      = {2024-11-19}
}

@misc{W3CDQV,
  author       = {{W3C}},
  title        = {Data on the web best practices: Data quality vocabulary},
  year         = {n.d.},
  url          = {https://www.w3.org/TR/vocab-dqv/},
  urldate      = {2024-11-19}
}

@misc{W3CODRL,
  author       = {{W3C}},
  title        = {ODRL Information Model 2.2},
  year         = {n.d.},
  url          = {https://www.w3.org/TR/odrl-model/},
  urldate      = {2024-11-19}
}

@misc{W3CADMS,
  author       = {{W3C}},
  title        = {Asset description metadata schema (ADMS)},
  year         = {n.d.},
  url          = {https://www.w3.org/TR/vocab-adms/},
  urldate      = {2024-11-19}
}
